<?xml version="1.0" encoding="UTF-8"?><collection xmlns="http://www.loc.gov/MARC21/slim"><record><leader>00375nam--2200133-i-4500</leader><controlfield tag="001">000007757</controlfield><controlfield tag="002">20161230</controlfield><controlfield tag="005">20161230201027</controlfield><controlfield tag="008">060222s1000------------r-----000-0-eng-d</controlfield><datafield ind1=" " ind2=" " tag="080"><subfield code="a">53.08</subfield></datafield><datafield ind1=" " ind2=" " tag="100"><subfield code="a">Bassiere, M.Et Gaignebet, E</subfield></datafield><datafield ind1=" " ind2=" " tag="245"><subfield code="a">Metrologie generale. theorie de la mesure. les instruments et leur emploi</subfield></datafield><datafield ind1=" " ind2=" " tag="260"><subfield code="a">Paris, Dunod, 1966 Xxiv + 517 P</subfield></datafield><datafield ind1=" " ind2=" " tag="852"><subfield code="a">24478</subfield></datafield></record></collection>